@article{Ewerz:2014tua,
 archiveprefix = {arXiv},
 author = {Ewerz, Carlo and Gasenzer, Thomas and Karl, Markus and Samberg, Andreas},
 doi = {10.1007/JHEP05(2015)070},
 eprint = {1410.3472},
 journal = {JHEP},
 pages = {070},
 primaryclass = {hep-th},
 title = {Non-Thermal Fixed Point in a Holographic Superfluid},
 volume = {05},
 year = {2015}
}

