@article{Gaerttner2013,
 author = {Martin Gärttner and Juan J. Omiste and Peter   Schmelcher and Rosario González-F\ŕez},
 doi = {10.1080/00268976.2013.799296},
 journal = {Mol. Phys.},
 number = {12-13},
 pages = {1865-1878},
 publisher = {Taylor & Francis},
 title = {Fine structure of open-shell diatomic molecules in combined electric and magnetic fields},
 url = {https://doi.org/10.1080/00268976.2013.799296},
 volume = {111},
 year = {2013}
}

