@article{bergh2021entanglement,
  title = {Entanglement detection in quantum many-body systems using entropic uncertainty relations},
  author = {Bergh, Bjarne and G\"arttner, Martin},
  journal = {Phys. Rev. A},
  volume = {103},
  issue = {5},
  pages = {052412},
  numpages = {19},
  year = {2021},
  month = {May},
  publisher = {American Physical Society},
  doi = {10.1103/PhysRevA.103.052412},
  url = {https://link.aps.org/doi/10.1103/PhysRevA.103.052412}
}
