@article{Scheppach:2009wu,
 archiveprefix = {arXiv},
 author = {Scheppach, Christian and Berges, Jurgen and Gasenzer, Thomas},
 doi = {10.1103/PhysRevA.81.033611},
 eprint = {0912.4183},
 journal = {Phys. Rev. A},
 pages = {033611},
 primaryclass = {cond-mat.quant-gas},
 title = {Matter Wave Turbulence: Beyond Kinetic Scaling},
 volume = {81},
 year = {2010}
}

