@misc{kunkel2021detecting,
      title={Detecting entanglement structure in continuous many-body quantum systems}, 
      author={Philipp Kunkel and Maximilian Prüfer and Stefan Lannig and Robin Strohmaier and Martin Gärttner and Helmut Strobel and Markus K. Oberthaler},
      year={2021},
      eprint={2105.12219},
      archivePrefix={arXiv},
      primaryClass={cond-mat.quant-gas}
}
