@article{Gaerttner2019,
 author = {GÃ¤rttner, Martin and Safavi-Naini, Arghavan and Schachenmayer, Johannes and Rey, Ana Maria},
 doi = {10.1103/PhysRevA.100.053607},
 issue = {5},
 journal = {Phys. Rev. A},
 month = {Nov},
 numpages = {11},
 pages = {053607},
 publisher = {American Physical Society},
 title = {Doublon dynamics of Bose-Fermi mixtures in optical lattices},
 url = {https://link.aps.org/doi/10.1103/PhysRevA.100.053607},
 volume = {100},
 year = {2019}
}

