@article{Chantesana:2018qsb,
 archiveprefix = {arXiv},
 author = {Chantesana, Isara and Pi√±eiro Orioli, Asier and Gasenzer, Thomas},
 doi = {10.1103/PhysRevA.99.043620},
 eprint = {1801.09490},
 journal = {Phys. Rev. A},
 number = {4},
 pages = {043620},
 primaryclass = {cond-mat.quant-gas},
 title = {Kinetic theory of nonthermal fixed points in a Bose gas},
 volume = {99},
 year = {2019}
}

