@article{Gasenzer:2007za,
 archiveprefix = {arXiv},
 author = {Gasenzer, Thomas and Pawlowski, Jan M.},
 doi = {10.1016/j.physletb.2008.10.049},
 eprint = {0710.4627},
 journal = {Phys. Lett. B},
 pages = {135--140},
 primaryclass = {cond-mat.other},
 reportnumber = {HD-THEP-07-31},
 title = {Towards far-from-equilibrium quantum field dynamics: A functional renormalisation-group approach},
 volume = {670},
 year = {2008}
}

