@article{Eckel2014a,
 author = {Eckel, S and Jendrzejewski, F and Kumar, A and Lobb, C. J. and Campbell, G. K.},
 doi = {10.1103/PhysRevX.4.031052},
 file = {:Users/fredjendrzejewski/Documents/Mendeley Desktop/Eckel et al/Physical Review X/Eckel et al. - 2014 - Interferometric Measurement of the Current-Phase Relationship of a Superfluid Weak Link.pdf:pdf},
 issn = {2160-3308},
 journal = {Physical Review X},
 keywords = {1,2,3,a variety of quantum,and quantum interference,atomic and molecular physics,can be observed,condensed matter physics,effects,phenomena,such as josephson,superfluidity},
 month = {sep},
 number = {3},
 pages = {031052},
 title = {Interferometric Measurement of the Current-Phase Relationship of a Superfluid Weak Link},
 url = {http://link.aps.org/doi/10.1103/PhysRevX.4.031052},
 volume = {4},
 year = {2014}
}

