@article{Bruss:1997yv,
 archiveprefix = {arXiv},
 author = {Bruss, D. and Gasenzer, T. and Nachtmann, O.},
 doi = {10.1016/S0375-9601(97)00936-5},
 eprint = {hep-ph/9710461},
 journal = {Phys. Lett. A},
 pages = {81--86},
 reportnumber = {HD-THEP-97-52},
 title = {New observables for parity violation in atoms: Energy shifts in external electric fields},
 volume = {239},
 year = {1998}
}

