@article{Gaerttner2014,
 author = {Gärttner, Martin and Whitlock, Shannon and Sch\n̈leber, David W. and Evers, J\"g̈},
 doi = {10.1103/PhysRevA.89.063407},
 issue = {6},
 journal = {Phys. Rev. A},
 month = {Jun},
 numpages = {7},
 pages = {063407},
 publisher = {American Physical Society},
 title = {Semianalytical model for nonlinear absorption in strongly interacting Rydberg gases},
 url = {https://link.aps.org/doi/10.1103/PhysRevA.89.063407},
 volume = {89},
 year = {2014}
}

