@article{Heeg2012,
 author = {Heeg, Kilian P. and Gärttner, Martin and Evers, J̈̊g},
 doi = {10.1103/PhysRevA.86.063421},
 issue = {6},
 journal = {Phys. Rev. A},
 month = {Dec},
 numpages = {8},
 pages = {063421},
 publisher = {American Physical Society},
 title = {Hybrid model for Rydberg gases including exact two-body correlations},
 url = {https://link.aps.org/doi/10.1103/PhysRevA.86.063421},
 volume = {86},
 year = {2012}
}

