@misc{czischek2020spiking,
    title={Spiking neuromorphic chip learns entangled quantum states},
    author={Stefanie Czischek and Andreas Baumbach and Sebastian Billaudelle and Benjamin Cramer and Lukas Kades and Jan M. Pawlowski and Markus K. Oberthaler and Johannes Schemmel and Mihai A. Petrovici and Thomas Gasenzer and Martin GÃ¤rttner},
    year={2020},
    eprint={2008.01039},
    archivePrefix={arXiv},
    primaryClass={cs.ET}
}
