@article{Bodet:2011qt,
 archiveprefix = {arXiv},
 author = {Bodet, Cedric and Kronenwett, Matthias and Nowak, Boris and Sexty, Denes and Gasenzer, Thomas},
 eprint = {1101.0397},
 month = {1},
 primaryclass = {cond-mat.quant-gas},
 title = {Non-equilibrium Quantum Many-Body Dynamics: Functional Integral Approaches},
 year = {2011}
}

