@article{Naus:1995xu,
 archiveprefix = {arXiv},
 author = {Naus, H. W. L. and Gasenzer, T. and Pirner, H. J.},
 doi = {10.1002/andp.19975090403},
 eprint = {hep-ph/9507357},
 journal = {Annalen Phys.},
 pages = {287--316},
 reportnumber = {HD-TVP-95-11},
 title = {Effective Hamiltonian for scalar theories in the Gaussian approximation},
 volume = {6},
 year = {1997}
}

