@article{DeKieviet:2010va,
 archiveprefix = {arXiv},
 author = {DeKieviet, Maarten and Gasenzer, Thomas and Nachtmann, Otto and Trappe, Martin-I.},
 doi = {10.1007/s10751-011-0276-x},
 eprint = {1003.0622},
 journal = {Hyperfine Interact.},
 pages = {35},
 primaryclass = {physics.atom-ph},
 title = {Longitudinal Atomic Beam Spin Echo Experiments: A Possible way to study Parity Violation in Hydrogen},
 volume = {200},
 year = {2011}
}

