@article{Branschadel:2008sk,
 archiveprefix = {arXiv},
 author = {Branschadel, Alexander and Gasenzer, Thomas},
 doi = {10.1088/0953-4075/41/13/135302},
 eprint = {0801.4466},
 journal = {J. Phys. B},
 pages = {135302},
 primaryclass = {cond-mat.other},
 reportnumber = {HEIDELBERG-PREPRINT-HD-THEP-08-02},
 title = {2PI nonequilibrium versus transport equations for an ultracold Bose gas},
 volume = {41},
 year = {2008}
}

