@article{Gaerttner2018,
 author = {GÃ¤rttner, Martin and Hauke, Philipp and Rey, Ana Maria},
 doi = {10.1103/PhysRevLett.120.040402},
 issue = {4},
 journal = {Phys. Rev. Lett.},
 month = {Jan},
 numpages = {6},
 pages = {040402},
 publisher = {American Physical Society},
 title = {Relating Out-of-Time-Order Correlations to Entanglement via Multiple-Quantum Coherences},
 url = {https://link.aps.org/doi/10.1103/PhysRevLett.120.040402},
 volume = {120},
 year = {2018}
}

