@article{Freivogel:2019mtr,
 archiveprefix = {arXiv},
 author = {Freivogel, Ben and Gasenzer, Thomas and Hebecker, Arthur and Leonhardt, Sascha},
 doi = {10.21468/SciPostPhys.8.4.058},
 eprint = {1912.09485},
 journal = {SciPost Phys.},
 number = {4},
 pages = {058},
 primaryclass = {hep-th},
 title = {A Conjecture on the Minimal Size of Bound States},
 volume = {8},
 year = {2020}
}

