@article{Gaerttner2015,
 author = {GÃ¤rttner, Martin},
 doi = {10.1103/PhysRevA.92.013629},
 issue = {1},
 journal = {Phys. Rev. A},
 month = {Jul},
 numpages = {6},
 pages = {013629},
 publisher = {American Physical Society},
 title = {Heralded $W$-state preparation using laser-designed superatoms},
 url = {https://link.aps.org/doi/10.1103/PhysRevA.92.013629},
 volume = {92},
 year = {2015}
}

