@article{Gaerttner2013b,
 author = {Gärttner, Martin and Evers, J̈̊g},
 doi = {10.1103/PhysRevA.88.033417},
 issue = {3},
 journal = {Phys. Rev. A},
 month = {Sep},
 numpages = {9},
 pages = {033417},
 publisher = {American Physical Society},
 title = {Nonlinear absorption and density-dependent dephasing in Rydberg electromagnetically-induced-transparency media},
 url = {https://link.aps.org/doi/10.1103/PhysRevA.88.033417},
 volume = {88},
 year = {2013}
}

