@misc{tebben2021nonlinear,
      title={Nonlinear absorption in interacting Rydberg EIT spectra on two-photon resonance}, 
      author={Annika Tebben and Clément Hainaut and Andre Salzinger and Sebastian Geier and Titus Franz and Thomas Pohl and Martin Gärttner and Gerhard Zürn and Matthias Weidemüller},
      year={2021},
      eprint={2102.11654},
      archivePrefix={arXiv},
      primaryClass={physics.atom-ph}
}
