@article{Gaerttner2015b,
 author = {GÃ¤rttner, M. and Syzranov, S. V. and Rey, A. M. and Gurarie, V. and Radzihovsky, L.},
 doi = {10.1103/PhysRevB.92.041406},
 issue = {4},
 journal = {Phys. Rev. B},
 month = {Jul},
 numpages = {5},
 pages = {041406},
 publisher = {American Physical Society},
 title = {Disorder-driven transition in a chain with power-law hopping},
 url = {https://link.aps.org/doi/10.1103/PhysRevB.92.041406},
 volume = {92},
 year = {2015}
}

