@article{Gasenzer:2010rq,
 archiveprefix = {arXiv},
 author = {Gasenzer, Thomas and Kessler, Stefan and Pawlowski, Jan M.},
 doi = {10.1140/epjc/s10052-010-1430-3},
 eprint = {1003.4163},
 journal = {Eur. Phys. J. C},
 pages = {423--443},
 primaryclass = {cond-mat.quant-gas},
 reportnumber = {HD-THEP-10-02},
 title = {Far-from-equilibrium quantum many-body dynamics},
 volume = {70},
 year = {2010}
}

