@article{Gaerttner2010,
 author = {GÃ¤rttner, Martin and Lenz, Florian and Petri, Christoph and Diakonos, Fotis K. and Schmelcher, Peter},
 doi = {10.1103/PhysRevE.81.051136},
 issue = {5},
 journal = {Phys. Rev. E},
 month = {May},
 numpages = {12},
 pages = {051136},
 publisher = {American Physical Society},
 title = {Quantum scattering in driven single- and double-barrier systems},
 url = {https://link.aps.org/doi/10.1103/PhysRevE.81.051136},
 volume = {81},
 year = {2010}
}

