@article{Czischek2018,
 author = {Czischek, Stefanie and GÃ¤rttner, Martin and Gasenzer, Thomas},
 doi = {10.1103/PhysRevB.98.024311},
 issue = {2},
 journal = {Phys. Rev. B},
 month = {Jul},
 numpages = {10},
 pages = {024311},
 publisher = {American Physical Society},
 title = {Quenches near Ising quantum criticality as a challenge for artificial neural networks},
 url = {https://link.aps.org/doi/10.1103/PhysRevB.98.024311},
 volume = {98},
 year = {2018}
}

