@article{Zill:2016boi,
 archiveprefix = {arXiv},
 author = {Zill, Jan C. and Wright, Tod M. and Kheruntsyan, Karen V. and Gasenzer, Thomas and Davis, Matthew J.},
 doi = {10.1088/1367-2630/18/4/045010},
 eprint = {1601.00434},
 journal = {New J. Phys.},
 number = {4},
 pages = {045010},
 primaryclass = {cond-mat.quant-gas},
 title = {A coordinate Bethe ansatz approach to the calculation of equilibrium and nonequilibrium correlations of the one-dimensional Bose gas},
 volume = {18},
 year = {2016}
}

