@article{Nowak:2012gd,
 archiveprefix = {arXiv},
 author = {Nowak, Boris and Gasenzer, Thomas},
 doi = {10.1088/1367-2630/16/9/093052},
 eprint = {1206.3181},
 journal = {New J. Phys.},
 number = {9},
 pages = {093052},
 primaryclass = {cond-mat.quant-gas},
 title = {Universal dynamics on the way to thermalization},
 volume = {16},
 year = {2014}
}

