@misc{kades2021sampling,
      title={Towards sampling complex actions}, 
      author={Lukas Kades and Martin GÃ¤rttner and Thomas Gasenzer and Jan M. Pawlowksi},
      year={2021},
      eprint={2106.09367},
      archivePrefix={arXiv},
      primaryClass={hep-lat}
}
