@article{Schweigler:2015maa,
 archiveprefix = {arXiv},
 author = {Schweigler, Thomas and Kasper, Valentin and Erne, Sebastian and Rauer, Bernhard and Langen, Tim and Gasenzer, Thomas and Berges, Jürgen and Schmiedmayer, J̈̊g},
 eprint = {1505.03126},
 month = {5},
 primaryclass = {cond-mat.quant-gas},
 title = {On solving the quantum many-body problem},
 year = {2015}
}

