@article{Czischek2019,
 author = {Czischek, Stefanie and Pawlowski, Jan M. and Gasenzer, Thomas and GÃ¤rttner, Martin},
 doi = {10.1103/PhysRevB.100.195120},
 issue = {19},
 journal = {Phys. Rev. B},
 month = {Nov},
 numpages = {14},
 pages = {195120},
 publisher = {American Physical Society},
 title = {Sampling scheme for neuromorphic simulation of entangled quantum systems},
 url = {https://link.aps.org/doi/10.1103/PhysRevB.100.195120},
 volume = {100},
 year = {2019}
}

