@article{Bruss:1998xb,
 archiveprefix = {arXiv},
 author = {Bruss, D. and Gasenzer, T. and Nachtmann, O.},
 doi = {10.1007/s1010599d0002},
 eprint = {hep-ph/9802317},
 journal = {Eur. Phys. J. direct},
 pages = {D2},
 reportnumber = {HD-THEP-97-36},
 title = {Parity violating energy shifts and Berry phases in atoms. 1.},
 volume = {1},
 year = {1999}
}

