@article{Rautenberg2020,
 author = {Rautenberg, Michael and GÃ¤rttner, Martin},
 doi = {10.1103/PhysRevA.101.053604},
 issue = {5},
 journal = {Phys. Rev. A},
 month = {May},
 numpages = {12},
 pages = {053604},
 publisher = {American Physical Society},
 title = {Classical and quantum chaos in a three-mode bosonic system},
 url = {https://link.aps.org/doi/10.1103/PhysRevA.101.053604},
 volume = {101},
 year = {2020}
}

