@article{Gasenzer:2013era,
 archiveprefix = {arXiv},
 author = {Gasenzer, Thomas and McLerran, Larry and Pawlowski, Jan M. and Sexty, DÃ©nes},
 doi = {10.1016/j.nuclphysa.2014.07.030},
 eprint = {1307.5301},
 journal = {Nucl. Phys. A},
 pages = {163--186},
 primaryclass = {hep-ph},
 title = {Gauge turbulence, topological defect dynamics, and condensation in Higgs models},
 volume = {930},
 year = {2014}
}

