@article{Gaerttner2014b,
 author = {Gärttner, Martin and Whitlock, Shannon and Sch\n̈leber, David W. and Evers, J\"g̈},
 doi = {10.1103/PhysRevLett.113.233002},
 issue = {23},
 journal = {Phys. Rev. Lett.},
 month = {Dec},
 numpages = {5},
 pages = {233002},
 publisher = {American Physical Society},
 title = {Collective Excitation of Rydberg-Atom Ensembles beyond the Superatom Model},
 url = {https://link.aps.org/doi/10.1103/PhysRevLett.113.233002},
 volume = {113},
 year = {2014}
}

