@article{Omiste2011,
 author = {Omiste, J. J. and Gärttner, M. and Schmelcher, P. and González-F\ŕez, R. and Holmegaard, L. and Nielsen, J. H. and Stapelfeldt, H. and K\p̈per, J.},
 doi = {10.1039/C1CP21195A},
 issue = {42},
 journal = {Phys. Chem. Chem. Phys.},
 pages = {18815-18824},
 publisher = {The Royal Society of Chemistry},
 title = {Theoretical description of adiabatic laser alignment and mixed-field orientation: the need for a non-adiabatic model},
 url = {http://dx.doi.org/10.1039/C1CP21195A},
 volume = {13},
 year = {2011}
}

