@article{Bock:2015evx,
 archiveprefix = {arXiv},
 author = {Bock, Sebastian and Liluashvili, Alexander and Gasenzer, Thomas},
 doi = {10.1103/PhysRevB.94.045108},
 eprint = {1512.06127},
 journal = {Phys. Rev. B},
 number = {4},
 pages = {045108},
 primaryclass = {cond-mat.mes-hall},
 title = {Buildup of the Kondo effect from real-time effective action for the Anderson impurity model},
 volume = {94},
 year = {2016}
}

