@article{Nowak:2011sk,
 archiveprefix = {arXiv},
 author = {Nowak, Boris and Schole, Jan and Sexty, Denes and Gasenzer, Thomas},
 doi = {10.1103/PhysRevA.85.043627},
 eprint = {1111.6127},
 journal = {Phys. Rev. A},
 pages = {043627},
 primaryclass = {cond-mat.quant-gas},
 title = {Nonthermal fixed points, vortex statistics, and superfluid turbulence in an ultracold Bose gas},
 volume = {85},
 year = {2012}
}

