@article{Schmidt:2012kw,
 archiveprefix = {arXiv},
 author = {Schmidt, Maximilian and Erne, Sebastian and Nowak, Boris and Sexty, Denes and Gasenzer, Thomas},
 doi = {10.1088/1367-2630/14/7/075005},
 eprint = {1203.3651},
 journal = {New J. Phys.},
 pages = {075005},
 primaryclass = {cond-mat.quant-gas},
 title = {Nonthermal fixed points and solitons in a one-dimensional Bose gas},
 volume = {14},
 year = {2012}
}

