@inproceedings{Nowak:2013juc,
 archiveprefix = {arXiv},
 author = {Nowak, Boris and Erne, Sebastian and Karl, Markus and Schole, Jan and Sexty, DÃ©nes and Gasenzer, Thomas},
 eprint = {1302.1448},
 month = {2},
 primaryclass = {cond-mat.quant-gas},
 title = {Non-thermal fixed points: universality, topology, \& turbulence in Bose gases},
 year = {2013}
}

