@article{Karl:2016wko,
 archiveprefix = {arXiv},
 author = {Karl, Markus and Gasenzer, Thomas},
 doi = {10.1088/1367-2630/aa7eeb},
 eprint = {1611.01163},
 journal = {New J. Phys.},
 number = {9},
 pages = {093014},
 primaryclass = {cond-mat.quant-gas},
 title = {Strongly anomalous non-thermal fixed point in a quenched two-dimensional  Bose gas},
 volume = {19},
 year = {2017}
}

