@misc{klinger2021singleparticle,
      title={Single-particle localization in a two-dimensional Rydberg spin system}, 
      author={Jan Philipp Klinger and Martin GÃ¤rttner},
      year={2021},
      eprint={2106.02474},
      archivePrefix={arXiv},
      primaryClass={quant-ph}
}
