@article{Bienias2018,
 archiveprefix = {arXiv},
 arxivid = {arXiv:1808.02487v1},
 author = {Bienias, P and Subhankar, S and Wang, Y and Tsui, T-c and Jendrzejewski, F and Tiecke, T and Jiang, L and Rolston, S L and Porto, J V and Gorshkov, A V},
 eprint = {arXiv:1808.02487v1},
 file = {:Users/fredjendrzejewski/Documents/Mendeley Desktop/Bienias et al/arXiv/Bienias et al. - 2018 - Coherent optical nano-tweezers for ultra-cold atoms.pdf:pdf},
 journal = {arXiv},
 pages = {1808.02487},
 title = {Coherent optical nano-tweezers for ultra-cold atoms},
 year = {2018}
}

