@article{Trappe:2016tri,
 archiveprefix = {arXiv},
 author = {Trappe, Martin-Isbj√∂rn and Augenstein, Peter and DeKieviet, Maarten and Gasenzer, Thomas and Nachtmann, Otto},
 doi = {10.1140/epjd/e2016-70036-6},
 eprint = {1601.02286},
 journal = {Eur. Phys. J. D},
 number = {4},
 pages = {76},
 primaryclass = {physics.atom-ph},
 title = {Geometric phases causing lifetime modifications of metastable states of hydrogen},
 volume = {70},
 year = {2016}
}

