@article{Berges:2007ym,
 archiveprefix = {arXiv},
 author = {Berges, Juergen and Gasenzer, Thomas},
 doi = {10.1103/PhysRevA.76.033604},
 eprint = {cond-mat/0703163},
 journal = {Phys. Rev. A},
 pages = {033604},
 reportnumber = {HD-THEP-07-05},
 title = {Quantum versus classical statistical dynamics of an ultracold Bose gas},
 volume = {76},
 year = {2007}
}

