@misc{floerchinger2021entropic,
      title={Entropic entanglement criteria in phase space}, 
      author={Stefan Floerchinger and Martin GÃ¤rttner and Tobias Haas and Oliver R. Stockdale},
      year={2021},
      eprint={2106.08788},
      archivePrefix={arXiv},
      primaryClass={quant-ph}
}
