@article{Fischer2016,
 author = {Fischer, Andreas and Gärttner, Martin and C̈̊lin, Philipp and Sperl, Alexander and Sch\"ẅald, Michael and Mizuno, Tomoya and Sansone, Giuseppe and Senftleben, Arne and Ullrich, Joachim and Feuerstein, Bernold and Pfeifer, Thomas and Moshammer, Robert},
 doi = {10.1103/PhysRevA.93.012507},
 issue = {1},
 journal = {Phys. Rev. A},
 month = {Jan},
 numpages = {7},
 pages = {012507},
 publisher = {American Physical Society},
 title = {Molecular wave-packet dynamics on laser-controlled transition states},
 url = {https://link.aps.org/doi/10.1103/PhysRevA.93.012507},
 volume = {93},
 year = {2016}
}

