@article{Mathew2015,
 author = {Mathew, R. and Kumar, a. and Eckel, S. and Jendrzejewski, F. and Campbell, G. K. and Edwards, Mark and Tiesinga, E.},
 doi = {10.1103/PhysRevA.92.033602},
 issn = {1050-2947},
 journal = {Physical Review A},
 number = {3},
 pages = {033602},
 title = {Self-heterodyne detection of the \textlessi\textgreaterin situ\textless/i\textgreater phase of an atomic superconducting quantum interference device},
 url = {http://link.aps.org/doi/10.1103/PhysRevA.92.033602},
 volume = {92},
 year = {2015}
}
