@article{Karl:2013kua,
 archiveprefix = {arXiv},
 author = {Karl, Markus and Nowak, Boris and Gasenzer, Thomas},
 doi = {10.1103/PhysRevA.88.063615},
 eprint = {1307.7368},
 journal = {Phys. Rev. A},
 number = {6},
 pages = {063615},
 primaryclass = {cond-mat.quant-gas},
 title = {Universal scaling at nonthermal fixed points of a two-component Bose gas},
 volume = {88},
 year = {2013}
}

