@article{Buljan:2008zz,
 archiveprefix = {arXiv},
 author = {Buljan, H. and Pezer, R. and Gasenzer, T.},
 doi = {10.1103/PhysRevLett.100.080406},
 eprint = {0709.1444},
 journal = {Phys. Rev. Lett.},
 pages = {080406},
 primaryclass = {cond-mat.other},
 title = {Fermi-Bose Transformation for the Time-Dependent Lieb-Liniger Gas},
 volume = {100},
 year = {2008}
}

