@article{Kunkel2019,
 author = {Kunkel, Philipp and Prüfer, Maximilian and Lannig, Stefan and Rosa-Medina, Rodrigo and Bonnin, Alexis and G̈̊ttner, Martin and Strobel, Helmut and Oberthaler, Markus K.},
 doi = {10.1103/PhysRevLett.123.063603},
 issue = {6},
 journal = {Phys. Rev. Lett.},
 month = {Aug},
 numpages = {5},
 pages = {063603},
 publisher = {American Physical Society},
 title = {Simultaneous Readout of Noncommuting Collective Spin Observables beyond the Standard Quantum Limit},
 url = {https://link.aps.org/doi/10.1103/PhysRevLett.123.063603},
 volume = {123},
 year = {2019}
}

