@article{Bergmann:2007zj,
 archiveprefix = {arXiv},
 author = {Bergmann, Timo and Gasenzer, Thomas and Nachtmann, Otto},
 doi = {10.1140/epjd/e2007-00258-6},
 eprint = {physics/0703275},
 journal = {Eur. Phys. J. D},
 pages = {197--210},
 reportnumber = {HD-THEP-07-08},
 title = {Metastable states, the adiabatic theorem and parity violating geometric phases I},
 volume = {45},
 year = {2007}
}

