@article{Gasenzer:2006pg,
 archiveprefix = {arXiv},
 author = {Gasenzer, Thomas and Berges, Juergen and Schmidt, Michael G. and Seco, Marcos},
 doi = {10.1016/j.nuclphysa.2006.11.155},
 editor = {Karsch, F. and Kharzeev, D. and Venugopalan, R.},
 eprint = {cond-mat/0608553},
 journal = {Nucl. Phys. A},
 pages = {214--217},
 title = {Ultracold atomic quantum gases far from equilibrium},
 volume = {785},
 year = {2007}
}

