@article{Kronenwett:2010ic,
 archiveprefix = {arXiv},
 author = {Kronenwett, Matthias and Gasenzer, Thomas},
 doi = {10.1007/s00340-011-4426-2},
 eprint = {1012.3874},
 journal = {Appl. Phys. B},
 pages = {469--488},
 primaryclass = {cond-mat.quant-gas},
 title = {Far-from-equilibrium dynamics of an ultracold Fermi gas},
 volume = {102},
 year = {2011}
}

