@article{bergh2021experimentally,
  title = {Experimentally Accessible Bounds on Distillable Entanglement from Entropic Uncertainty Relations},
  author = {Bergh, Bjarne and G\"arttner, Martin},
  journal = {Phys. Rev. Lett.},
  volume = {126},
  issue = {19},
  pages = {190503},
  numpages = {6},
  year = {2021},
  month = {May},
  publisher = {American Physical Society},
  doi = {10.1103/PhysRevLett.126.190503},
  url = {https://link.aps.org/doi/10.1103/PhysRevLett.126.190503}
}

