@misc{schultzen2021glassy,
      title={Glassy quantum dynamics of disordered Ising spins}, 
      author={Philipp Schultzen and Titus Franz and Sebastian Geier and Andre Salzinger and Annika Tebben and Clément Hainaut and Gerhard Zürn and Matthias Weidemüller and Martin Gärttner},
      year={2021},
      eprint={2104.00349},
      archivePrefix={arXiv},
      primaryClass={quant-ph}
}
