@article{Nowak:2010tm,
 archiveprefix = {arXiv},
 author = {Nowak, Boris and Sexty, Denes and Gasenzer, Thomas},
 doi = {10.1103/PhysRevB.84.020506},
 eprint = {1012.4437},
 journal = {Phys. Rev. B},
 pages = {020506},
 primaryclass = {cond-mat.quant-gas},
 title = {Superfluid Turbulence: Nonthermal Fixed Point in an Ultracold Bose Gas},
 volume = {84},
 year = {2011}
}

