@article{Bergmann:2008wla,
 archiveprefix = {arXiv},
 author = {Bergmann, T. and Gasenzer, T. and DeKieviet, M. and Nachtmann, O. and Trappe, M. -I.},
 doi = {10.1140/epjd/e2009-00179-4},
 eprint = {0811.1460},
 journal = {Eur. Phys. J. D},
 pages = {551},
 primaryclass = {physics.atom-ph},
 reportnumber = {HD-THEP-08-19},
 title = {Parity Violation in Hydrogen and Longitudinal Atomic Beam Spin Echo I},
 volume = {54},
 year = {2009}
}

