@article{SafaviNaini2018,
 author = {Safavi-Naini, A. and Lewis-Swan, R. J. and Bohnet, J. G. and GÃ¤rttner, M. and Gilmore, K. A. and Jordan, J. E. and Cohn, J. and Freericks, J. K. and Rey, A. M. and Bollinger, J. J.},
 doi = {10.1103/PhysRevLett.121.040503},
 issue = {4},
 journal = {Phys. Rev. Lett.},
 month = {Jul},
 numpages = {6},
 pages = {040503},
 publisher = {American Physical Society},
 title = {Verification of a Many-Ion Simulator of the Dicke Model Through Slow Quenches across a Phase Transition},
 url = {https://link.aps.org/doi/10.1103/PhysRevLett.121.040503},
 volume = {121},
 year = {2018}
}

