@article{Bernard2011,
 author = {Bernard, Alain and Guerin, William and Billy, Juliette and Jendrzejewski, Fred and Cheinet, Patrick and Aspect, Alain and Josse, Vincent and Bouyer, Philippe},
 doi = {10.1088/1367-2630/13/6/065015},
 issn = {1367-2630},
 journal = {New Journal of Physics},
 mendeley-groups = {PhDRefs2012},
 month = {jun},
 number = {6},
 pages = {065015},
 title = {Quasi-continuous horizontally guided atom laser: coupling spectrum and flux limits},
 url = {http://stacks.iop.org/1367-2630/13/i=6/a=065015?key=crossref.03eaa2fc75839821bf18fc2756105158},
 volume = {13},
 year = {2011}
}
