@article{Signoles2021,
 author = {Signoles, A. and Franz, T. and Ferracini Alves, R. and Gärttner, M. and Whitlock, S. and Z̈̊n, G. and Weidem\"l̈er, M.},
 doi = {10.1103/PhysRevX.11.011011},
 issue = {1},
 journal = {Phys. Rev. X},
 month = {Jan},
 numpages = {13},
 pages = {011011},
 publisher = {American Physical Society},
 title = {Glassy Dynamics in a Disordered Heisenberg Quantum Spin System},
 url = {https://link.aps.org/doi/10.1103/PhysRevX.11.011011},
 volume = {11},
 year = {2021}
}

