@article{Gasenzer:2005ze,
 archiveprefix = {arXiv},
 author = {Gasenzer, Thomas and Berges, Juergen and Schmidt, Michael G. and Seco, Marcos},
 doi = {10.1103/PhysRevA.72.063604},
 eprint = {cond-mat/0507480},
 journal = {Phys. Rev. A},
 pages = {063604},
 reportnumber = {HD-THEP-05-13},
 title = {Non-perturbative dynamical many-body theory of a Bose-Einstein condensate},
 volume = {72},
 year = {2005}
}

