@article{Wittmer:2020mnm,
 archiveprefix = {arXiv},
 author = {Wittmer, Paul and Schmied, Christian-Marcel and Gasenzer, Thomas and Ewerz, Carlo},
 eprint = {2011.12968},
 month = {11},
 primaryclass = {hep-th},
 title = {Vortex motion quantifies strong dissipation in a holographic superfluid},
 year = {2020}
}

