@article{Karl:2013mn,
 archiveprefix = {arXiv},
 author = {Karl, Markus and Nowak, Boris and Gasenzer, Thomas},
 doi = {10.1038/srep02394},
 eprint = {1302.1122},
 journal = {Sci. Rep.},
 pages = {2394},
 primaryclass = {cond-mat.quant-gas},
 title = {Tuning universality far from equilibrium},
 volume = {3},
 year = {2013}
}

