@misc{reh2021timedependent,
      title={Time-dependent variational principle for open quantum systems with artificial neural networks}, 
      author={Moritz Reh and Markus Schmitt and Martin GÃ¤rttner},
      year={2021},
      eprint={2104.00013},
      archivePrefix={arXiv},
      primaryClass={cond-mat.str-el}
}
