@article{Sexty:2010ra,
 archiveprefix = {arXiv},
 author = {Sexty, Denes and Gasenzer, Thomas and Pawlowski, Jan},
 doi = {10.1103/PhysRevB.83.165315},
 eprint = {1012.4293},
 journal = {Phys. Rev. B},
 pages = {165315},
 primaryclass = {cond-mat.mes-hall},
 title = {Real-time effective-action approach to the Anderson quantum dot},
 volume = {83},
 year = {2011}
}

