@article{2012,
  author = {CMS/CERN},
  title = {{A New Boson with a Mass of 125 GeV Observed with the CMS Experiment at the Large Hadron Collider}},
  volume = {338},
  number = {6114},
  pages = {1569-1575},
  year = {2012},
  doi = {10.1126/science.1230816},
  eprint = {http://www.sciencemag.org/content/338/6114/1569.full.pdf},
  journal = {Science},
}


@article{Holstein_2009,
  doi = {10.1088/1742-6596/173/1/012019},
  url = {http://dx.doi.org/10.1088/1742-6596/173/1/012019},
  year = {2009},
  month = {jun},
  publisher = {{IOP} Publishing},
  volume = {173},
  pages = {012019},
  author = {Barry R Holstein},
  title = {{The mysterious disappearance of Ettore Majorana}},
  journal = {J. Phys.: Conf. Ser.},
}


@article{Bechhoefer_2005,
  doi = {10.1103/revmodphys.77.783},
  url = {https://doi.org/10.1103%2Frevmodphys.77.783},
  year = {2005},
  month = {aug},
  publisher = {American Physical Society ({APS})},
  volume = {77},
  number = {3},
  pages = {783--836},
  author = {John Bechhoefer},
  title = {{Feedback for physicists: A tutorial essay on control}},
  journal = {Reviews of Modern Physics},
}


@article{Stein_2003,
  doi = {10.1109/mcs.2003.1213600},
  url = {https://doi.org/10.1109%2Fmcs.2003.1213600},
  year = {2003},
  month = {aug},
  publisher = {Institute of Electrical and Electronics Engineers ({IEEE})},
  volume = {23},
  number = {4},
  pages = {12--25},
  author = {G. Stein},
  title = {{Respect the unstable}},
  journal = {{IEEE} Control Systems Magazine},
}


@misc{pitaya,
  howpublished = {https://www.redpitaya.com/index2},
  url = {https://www.redpitaya.com/index2},
  title = {{Red Pitaya}},
  description = {Lots of teaching material in place and test & measurement applications ready to use. Osciloscope, Lcr Meter, ham radio and more.},
  note = {Accessed on Sat, May 05, 2018},
}


@misc{pyrpl,
  howpublished = {http://pyrpl.readthedocs.io/en/latest/},
  url = {http://pyrpl.readthedocs.io/en/latest/},
  title = {{What is PyRPL?}},
  note = {Accessed on Sat, May 05, 2018},
}
