@article{Kronenwett:2010dx,
 archiveprefix = {arXiv},
 author = {Kronenwett, Matthias and Gasenzer, Thomas},
 eprint = {1006.3330},
 month = {6},
 primaryclass = {cond-mat.quant-gas},
 title = {Non-thermal equilibration of a one-dimensional Fermi gas},
 year = {2010}
}

