@article{Gasenzer:2011by,
 archiveprefix = {arXiv},
 author = {Gasenzer, Thomas and Nowak, Boris and Sexty, Denes},
 doi = {10.1016/j.physletb.2012.03.031},
 eprint = {1108.0541},
 journal = {Phys. Lett. B},
 pages = {500--503},
 primaryclass = {hep-ph},
 title = {Charge separation in Reheating after Cosmological Inflation},
 volume = {710},
 year = {2012}
}

