@article{Gasenzer:1999cm,
 archiveprefix = {arXiv},
 author = {Gasenzer, T. and Nachtmann, O.},
 doi = {10.1007/s100530070044},
 eprint = {hep-ph/9909358},
 journal = {Eur. Phys. J. D},
 pages = {95--110},
 reportnumber = {HD-THEP-99-21},
 title = {Large parity violating effects in atomic dysprosium with nearly degenerate Floquet eigenvalues},
 volume = {12},
 year = {2000}
}

