@article{Schmied:2018mte,
 archiveprefix = {arXiv},
 author = {Schmied, Christian-Marcel and Mikheev, Aleksandr N. and Gasenzer, Thomas},
 doi = {10.1142/S0217751X19410069},
 eprint = {1810.08143},
 journal = {Int. J. Mod. Phys. A},
 number = {29},
 pages = {1941006},
 primaryclass = {cond-mat.quant-gas},
 title = {Non-thermal fixed points: Universal dynamics far from equilibrium},
 volume = {34},
 year = {2019}
}

