@article{Bergmann:2008zk,
 archiveprefix = {arXiv},
 author = {Bergmann, Timo and Gasenzer, Thomas and Nachtmann, Otto},
 doi = {10.1140/epjd/e2007-00259-5},
 eprint = {physics/0703276},
 journal = {Eur. Phys. J. D},
 pages = {211--227},
 reportnumber = {HD-THEP-07-09},
 title = {Metastable states, the adiabatic theorem and parity violating geometric phases II},
 volume = {45},
 year = {2007}
}

