@article {Mil1128,
	author = {Mil, A. and Zache, T.~V. and Hegde, A. and Xia, A. and Bhatt, R.~P. and Oberthaler, M.~K. and Hauke, P. and Berges, J. and Jendrzejewski, F.},
	title = {A scalable realization of local U(1) gauge invariance in cold atomic mixtures},
	volume = {367},
	number = {6482},
	pages = {1128--1130},
	year = {2020},
	doi = {10.1126/science.aaz5312},
	publisher = {American Association for the Advancement of Science},
	issn = {0036-8075},
	URL = {https://science.sciencemag.org/content/367/6482/1128},
	eprint = {https://science.sciencemag.org/content/367/6482/1128.full.pdf},
	journal = {Science}
}
