@article{Schoenleber2014,
 author = {Schönleber, David W. and G̈̊ttner, Martin and Evers, J\"g̈},
 doi = {10.1103/PhysRevA.89.033421},
 issue = {3},
 journal = {Phys. Rev. A},
 month = {Mar},
 numpages = {9},
 pages = {033421},
 publisher = {American Physical Society},
 title = {Coherent versus incoherent excitation dynamics in dissipative many-body Rydberg systems},
 url = {https://link.aps.org/doi/10.1103/PhysRevA.89.033421},
 volume = {89},
 year = {2014}
}

