@article{Schmied:2018upn,
 archiveprefix = {arXiv},
 author = {Schmied, Christian-Marcel and Mikheev, Aleksandr N. and Gasenzer, Thomas},
 doi = {10.1103/PhysRevLett.122.170404},
 eprint = {1807.07514},
 journal = {Phys. Rev. Lett.},
 number = {17},
 pages = {170404},
 primaryclass = {cond-mat.quant-gas},
 title = {Prescaling in a far-from-equilibrium Bose gas},
 volume = {122},
 year = {2019}
}

