@article{Gaerttner2012,
 author = {Gärttner, Martin and Heeg, Kilian P. and Gasenzer, Thomas and Evers, J̈̊g},
 doi = {10.1103/PhysRevA.86.033422},
 issue = {3},
 journal = {Phys. Rev. A},
 month = {Sep},
 numpages = {9},
 pages = {033422},
 publisher = {American Physical Society},
 title = {Finite-size effects in strongly interacting Rydberg gases},
 url = {https://link.aps.org/doi/10.1103/PhysRevA.86.033422},
 volume = {86},
 year = {2012}
}

