@article{Schole:2012kt,
 archiveprefix = {arXiv},
 author = {Schole, Jan and Nowak, Boris and Gasenzer, Thomas},
 doi = {10.1103/PhysRevA.86.013624},
 eprint = {1204.2487},
 journal = {Phys. Rev. A},
 pages = {013624},
 primaryclass = {cond-mat.quant-gas},
 title = {Critical Dynamics of a Two-dimensional Superfluid near a Non-Thermal Fixed Point},
 volume = {86},
 year = {2012}
}

