@article{Gasenzer:2011hs,
 archiveprefix = {arXiv},
 author = {Gasenzer, Thomas and Nachtmann, Otto and Trappe, Martin-I.},
 doi = {10.1140/epjd/e2012-20465-2},
 eprint = {1107.6006},
 journal = {Eur. Phys. J. D},
 pages = {113},
 primaryclass = {physics.atom-ph},
 reportnumber = {HD-THEP-11-05},
 title = {Metastable states of hydrogen: their geometric phases and flux densities},
 volume = {66},
 year = {2012}
}

