@article{Mikheev:2018adp,
 archiveprefix = {arXiv},
 author = {Mikheev, Aleksandr N. and Schmied, Christian-Marcel and Gasenzer, Thomas},
 doi = {10.1103/PhysRevA.99.063622},
 eprint = {1807.10228},
 journal = {Phys. Rev. A},
 number = {6},
 pages = {063622},
 primaryclass = {cond-mat.quant-gas},
 title = {Low-energy effective theory of nonthermal fixed points in a multicomponent Bose gas},
 volume = {99},
 year = {2019}
}

