@article{Jendrzejewski2014,
 author = {Jendrzejewski, F and Eckel, S and Murray, N and Lanier, C and Edwards, M and Lobb, C. J. and Campbell, G. K.},
 doi = {10.1103/PhysRevLett.113.045305},
 issn = {0031-9007},
 journal = {Physical Review Letters},
 month = {jul},
 number = {4},
 pages = {045305},
 title = {Resistive Flow in a Weakly Interacting Bose-Einstein Condensate},
 url = {http://link.aps.org/doi/10.1103/PhysRevLett.113.045305},
 volume = {113},
 year = {2014}
}
