@article{Gaerttner2013c,
 author = {Gärttner, Martin and Heeg, Kilian P. and Gasenzer, Thomas and Evers, J̈̊g},
 doi = {10.1103/PhysRevA.88.043410},
 issue = {4},
 journal = {Phys. Rev. A},
 month = {Oct},
 numpages = {7},
 pages = {043410},
 publisher = {American Physical Society},
 title = {Dynamic formation of Rydberg aggregates at off-resonant excitation},
 url = {https://link.aps.org/doi/10.1103/PhysRevA.88.043410},
 volume = {88},
 year = {2013}
}

