@article{Schempp2014,
 author = {Schempp, H. and Günter, G. and Robert-de-Saint-Vincent, M. and Hofmann, C. S. and Breyel, D. and Komnik, A. and Sch\n̈leber, D. W. and G\"ẗtner, M. and Evers, J. and Whitlock, S. and Weidem\"uër, M.},
 doi = {10.1103/PhysRevLett.112.013002},
 issue = {1},
 journal = {Phys. Rev. Lett.},
 month = {Jan},
 numpages = {5},
 pages = {013002},
 publisher = {American Physical Society},
 title = {Full Counting Statistics of Laser Excited Rydberg Aggregates in a One-Dimensional Geometry},
 url = {https://link.aps.org/doi/10.1103/PhysRevLett.112.013002},
 volume = {112},
 year = {2014}
}

