@article{Hofmann2013,
 author = {Hofmann, C. S. and Günter, G. and Schempp, H. and Robert-de-Saint-Vincent, M. and G̈̊ttner, M. and Evers, J. and Whitlock, S. and Weidem\"l̈er, M.},
 doi = {10.1103/PhysRevLett.110.203601},
 issue = {20},
 journal = {Phys. Rev. Lett.},
 month = {May},
 numpages = {5},
 pages = {203601},
 publisher = {American Physical Society},
 title = {Sub-Poissonian Statistics of Rydberg-Interacting Dark-State Polaritons},
 url = {https://link.aps.org/doi/10.1103/PhysRevLett.110.203601},
 volume = {110},
 year = {2013}
}

