@article{Langen:2016vdb,
 archiveprefix = {arXiv},
 author = {Langen, Tim and Gasenzer, Thomas and Schmiedmayer, JÃ¶rg},
 doi = {10.1088/1742-5468/2016/06/064009},
 eprint = {1603.09385},
 journal = {J. Stat. Mech.},
 number = {6},
 pages = {064009},
 primaryclass = {cond-mat.quant-gas},
 title = {Prethermalization and universal dynamics in near-integrable quantum systems},
 volume = {1606},
 year = {2016}
}

