@article{Mathey:2014xxa,
 archiveprefix = {arXiv},
 author = {Mathey, Steven and Gasenzer, Thomas and Pawlowski, Jan M.},
 doi = {10.1103/PhysRevA.92.023635},
 eprint = {1405.7652},
 journal = {Phys. Rev. A},
 number = {2},
 pages = {023635},
 primaryclass = {cond-mat.quant-gas},
 title = {Anomalous scaling at nonthermal fixed points of Burgers' and Gross-Pitaevskii turbulence},
 volume = {92},
 year = {2015}
}

