@article{Neugebauer2020,
 author = {Neugebauer, Marcel and Fischer, Laurin and Jäger, Alexander and Czischek, Stefanie and Jochim, Selim and Weidem\l̈ler, Matthias and G\"ẗtner, Martin},
 doi = {10.1103/PhysRevA.102.042604},
 issue = {4},
 journal = {Phys. Rev. A},
 month = {Oct},
 numpages = {7},
 pages = {042604},
 publisher = {American Physical Society},
 title = {Neural-network quantum state tomography in a two-qubit experiment},
 url = {https://link.aps.org/doi/10.1103/PhysRevA.102.042604},
 volume = {102},
 year = {2020}
}

