@article{2012,
  author = {CMS/CERN},
  title = {{A New Boson with a Mass of 125 GeV Observed with the CMS Experiment at the Large Hadron Collider}},
  volume = {338},
  number = {6114},
  pages = {1569-1575},
  year = {2012},
  doi = {10.1126/science.1230816},
  eprint = {http://www.sciencemag.org/content/338/6114/1569.full.pdf},
  journal = {Science},
}


@article{Holstein_2009,
  doi = {10.1088/1742-6596/173/1/012019},
  url = {http://dx.doi.org/10.1088/1742-6596/173/1/012019},
  year = {2009},
  month = {jun},
  publisher = {{IOP} Publishing},
  volume = {173},
  pages = {012019},
  author = {Barry R Holstein},
  title = {{The mysterious disappearance of Ettore Majorana}},
  journal = {J. Phys.: Conf. Ser.},
}


@incollection{Kondo_1970,
  doi = {10.1016/s0081-1947(08)60616-5},
  url = {https://doi.org/10.1016%2Fs0081-1947%2808%2960616-5},
  year = {1970},
  publisher = {Elsevier},
  pages = {183--281},
  author = {J. Kondo},
  title = {{Theory of Dilute Magnetic Alloys}},
  booktitle = {Solid State Physics},
}


@article{Kondo_1964,
  doi = {10.1143/ptp.32.37},
  url = {https://doi.org/10.1143%2Fptp.32.37},
  year = {1964},
  month = {jul},
  publisher = {Oxford University Press ({OUP})},
  volume = {32},
  number = {1},
  pages = {37--49},
  author = {J. Kondo},
  title = {{Resistance Minimum in Dilute Magnetic Alloys}},
  journal = {Progress of Theoretical Physics},
}


@book{Hewson_1993,
  doi = {10.1017/cbo9780511470752},
  url = {https://doi.org/10.1017%2Fcbo9780511470752},
  year = {1993},
  publisher = {Cambridge University Press},
  author = {Alexander Cyril Hewson},
  title = {{The Kondo Problem to Heavy Fermions}},
}


@conference{nozieres1975,
  title = {{The Kondo problem : Fancy mathematical techniques versus simple physical ideas}},
  author = {P Nozieres},
  booktitle = {Proceedings of the 14th International Conference on Low Temp Physics},
  year = {1975},
}


@misc{iopscience,
  howpublished = {http://iopscience.iop.org/article/10.1088/2058-7058/8/12/20/meta},
  url = {http://iopscience.iop.org/article/10.1088/2058-7058/8/12/20/meta},
  title = {{Condensed matter: strongly correlated electrons - IOPscience}},
  note = {Accessed on Thu, October 05, 2017},
}


@article{Kastner_1998,
  doi = {10.1038/34373},
  url = {https://doi.org/10.1038%2F34373},
  year = {1998},
  month = {jan},
  publisher = {Springer Nature},
  volume = {391},
  number = {6663},
  pages = {156--159},
  author = {M. A. Kastner and D. Goldhaber-Gordon and Hadas Shtrikman and D. Mahalu and David Abusch-Magder and U. Meirav},
  journal = {Nature},
  title = {{Kondo effect in a single-electron transistor}},
}


@article{Cronenwett_1998,
  doi = {10.1126/science.281.5376.540},
  url = {https://doi.org/10.1126%2Fscience.281.5376.540},
  year = {1998},
  month = {jul},
  publisher = {American Association for the Advancement of Science ({AAAS})},
  volume = {281},
  number = {5376},
  pages = {540--544},
  author = {S. M. Cronenwett},
  title = {{A Tunable Kondo Effect in Quantum Dots}},
  journal = {Science},
}


@article{Schmid_1998,
  doi = {10.1016/s0921-4526(98)00533-x},
  url = {https://doi.org/10.1016%2Fs0921-4526%2898%2900533-x},
  year = {1998},
  month = {dec},
  publisher = {Elsevier {BV}},
  volume = {256-258},
  pages = {182--185},
  author = {Jörg Schmid and Jürgen Weis and Karl Eberl and Klaus v. Klitzing},
  title = {{A quantum dot in the limit of strong coupling to reservoirs}},
  journal = {Physica B: Condensed Matter},
}


@article{Nyg_rd_2000,
  doi = {10.1038/35042545},
  url = {https://doi.org/10.1038%2F35042545},
  year = {2000},
  month = {nov},
  publisher = {Springer Nature},
  volume = {408},
  number = {6810},
  pages = {342--346},
  author = {Jesper Nyg{\aa}rd and David Henry Cobden and Poul Erik Lindelof},
  title = {{Kondo physics in carbon nanotubes}},
  journal = {Nature},
}


@article{Liang_2002,
  doi = {10.1038/nature00790},
  url = {https://doi.org/10.1038%2Fnature00790},
  year = {2002},
  month = {jun},
  publisher = {Springer Nature},
  volume = {417},
  number = {6890},
  pages = {725--729},
  author = {Wenjie Liang and Matthew P. Shores and Marc Bockrath and Jeffrey R. Long and Hongkun Park},
  title = {{Kondo resonance in a single-molecule transistor}},
  journal = {Nature},
}


@article{Park_2002,
  doi = {10.1038/nature00791},
  url = {https://doi.org/10.1038%2Fnature00791},
  year = {2002},
  month = {jun},
  publisher = {Springer Nature},
  volume = {417},
  number = {6890},
  pages = {722--725},
  author = {Jiwoong Park and Abhay N. Pasupathy and Jonas I. Goldsmith and Connie Chang and Yuval Yaish and Jason R. Petta and Marie Rinkoski and James P. Sethna and H{\'{e}}ctor D. Abru{\~{n}}a and Paul L. McEuen and Daniel C. Ralph},
  title = {{Coulomb blockade and the Kondo effect in single-atom transistors}},
  journal = {Nature},
}


@article{Polkovnikov_2011,
  doi = {10.1103/revmodphys.83.863},
  url = {https://doi.org/10.1103%2Frevmodphys.83.863},
  year = {2011},
  month = {aug},
  publisher = {American Physical Society ({APS})},
  volume = {83},
  number = {3},
  pages = {863--883},
  author = {Anatoli Polkovnikov and Krishnendu Sengupta and Alessandro Silva and Mukund Vengalattore},
  title = {{Colloquium: Nonequilibrium dynamics of closed interacting quantum systems}},
  journal = {Reviews of Modern Physics},
}


@article{Bock_2016,
  doi = {10.1103/physrevb.94.045108},
  url = {https://doi.org/10.1103%2Fphysrevb.94.045108},
  year = {2016},
  month = {jul},
  publisher = {American Physical Society ({APS})},
  volume = {94},
  number = {4},
  author = {Sebastian Bock and Alexander Liluashvili and Thomas Gasenzer},
  title = {{Buildup of the Kondo effect from real-time effective action for the Anderson impurity model}},
  journal = {Physical Review B},
}


@article{Park_2013,
  doi = {10.1103/physrevlett.110.246603},
  url = {https://doi.org/10.1103%2Fphysrevlett.110.246603},
  year = {2013},
  month = {jun},
  publisher = {American Physical Society ({APS})},
  volume = {110},
  number = {24},
  author = {Jinhong Park and S.-S. B. Lee and Yuval Oreg and H.-S. Sim},
  title = {{How to Directly Measure a Kondo Cloud's Length}},
  journal = {Physical Review Letters},
}


@article{Bloch_2008,
  doi = {10.1103/revmodphys.80.885},
  url = {https://doi.org/10.1103%2Frevmodphys.80.885},
  year = {2008},
  month = {jul},
  publisher = {American Physical Society ({APS})},
  volume = {80},
  number = {3},
  pages = {885--964},
  author = {Immanuel Bloch and Jean Dalibard and Wilhelm Zwerger},
  title = {{Many-body physics with ultracold gases}},
  journal = {Reviews of Modern Physics},
}


@article{Anderson_1958,
  doi = {10.1103/physrev.109.1492},
  url = {https://doi.org/10.1103%2Fphysrev.109.1492},
  year = {1958},
  month = {mar},
  publisher = {American Physical Society ({APS})},
  volume = {109},
  number = {5},
  pages = {1492--1505},
  author = {P. W. Anderson},
  title = {{Absence of Diffusion in Certain Random Lattices}},
  journal = {Physical Review},
}


@article{Billy_2008,
  doi = {10.1038/nature07000},
  url = {https://doi.org/10.1038%2Fnature07000},
  year = {2008},
  month = {jun},
  publisher = {Springer Nature},
  volume = {453},
  number = {7197},
  pages = {891--894},
  author = {Juliette Billy and Vincent Josse and Zhanchun Zuo and Alain Bernard and Ben Hambrecht and Pierre Lugan and David Cl{\'{e}}ment and Laurent Sanchez-Palencia and Philippe Bouyer and Alain Aspect},
  title = {{Direct observation of Anderson localization of matter waves in a controlled disorder}},
  journal = {Nature},
}


@article{Roati_2008,
  doi = {10.1038/nature07071},
  url = {https://doi.org/10.1038%2Fnature07071},
  year = {2008},
  month = {jun},
  publisher = {Springer Nature},
  volume = {453},
  number = {7197},
  pages = {895--898},
  author = {Giacomo Roati and Chiara D'Errico and Leonardo Fallani and Marco Fattori and Chiara Fort and Matteo Zaccanti and Giovanni Modugno and Michele Modugno and Massimo Inguscio},
  title = {{Anderson localization of a non-interacting Bose{\textendash}Einstein condensate}},
  journal = {Nature},
}


@article{Jendrzejewski_2012,
  doi = {10.1038/nphys2256},
  url = {https://doi.org/10.1038%2Fnphys2256},
  year = {2012},
  month = {mar},
  publisher = {Springer Nature},
  volume = {8},
  number = {5},
  pages = {398--403},
  author = {F. Jendrzejewski and A. Bernard and K. Müller and P. Cheinet and V. Josse and M. Piraud and L. Pezz{\'{e}} and L. Sanchez-Palencia and A. Aspect and P. Bouyer},
  title = {{Three-dimensional localization of ultracold atoms in an optical disordered potential}},
  journal = {Nature Physics},
}


@article{Kondov_2011,
  doi = {10.1126/science.1209019},
  url = {https://doi.org/10.1126%2Fscience.1209019},
  year = {2011},
  month = {oct},
  publisher = {American Association for the Advancement of Science ({AAAS})},
  volume = {334},
  number = {6052},
  pages = {66--68},
  author = {S. S. Kondov and W. R. McGehee and J. J. Zirbel and B. DeMarco},
  title = {{Three-Dimensional Anderson Localization of Ultracold Matter}},
  journal = {Science},
}


@article{Semeghini_2015,
  doi = {10.1038/nphys3339},
  url = {https://doi.org/10.1038%2Fnphys3339},
  year = {2015},
  month = {jun},
  publisher = {Springer Nature},
  volume = {11},
  number = {7},
  pages = {554--559},
  author = {G. Semeghini and M. Landini and P. Castilho and S. Roy and G. Spagnolli and A. Trenkwalder and M. Fattori and M. Inguscio and G. Modugno},
  title = {{Measurement of the mobility edge for 3D Anderson localization}},
  journal = {Nature Physics},
}


@article{Chevy_2010,
  doi = {10.1088/0034-4885/73/11/112401},
  url = {https://doi.org/10.1088%2F0034-4885%2F73%2F11%2F112401},
  year = {2010},
  month = {oct},
  publisher = {{IOP} Publishing},
  volume = {73},
  number = {11},
  pages = {112401},
  author = {Fr{\'{e}}d{\'{e}}ric Chevy and Christophe Mora},
  title = {{Ultra-cold polarized Fermi gases}},
  journal = {Reports on Progress in Physics},
}


@article{Nascimb_ne_2009,
  doi = {10.1103/physrevlett.103.170402},
  url = {https://doi.org/10.1103%2Fphysrevlett.103.170402},
  year = {2009},
  month = {oct},
  publisher = {American Physical Society ({APS})},
  volume = {103},
  number = {17},
  author = {S. Nascimb{\`{e}}ne and N. Navon and K. J. Jiang and L. Tarruell and M. Teichmann and J. McKeever and F. Chevy and C. Salomon},
  title = {{Collective Oscillations of an Imbalanced Fermi Gas: Axial Compression Modes and Polaron Effective Mass}},
  journal = {Physical Review Letters},
}


@article{Schirotzek_2009,
  doi = {10.1103/physrevlett.102.230402},
  url = {https://doi.org/10.1103%2Fphysrevlett.102.230402},
  year = {2009},
  month = {jun},
  publisher = {American Physical Society ({APS})},
  volume = {102},
  number = {23},
  author = {Andr{\'{e}} Schirotzek and Cheng-Hsun Wu and Ariel Sommer and Martin W. Zwierlein},
  title = {{Observation of Fermi Polarons in a Tunable Fermi Liquid of Ultracold Atoms}},
  journal = {Physical Review Letters},
}


@article{Rentrop_2016,
  doi = {10.1103/physrevx.6.041041},
  url = {https://doi.org/10.1103%2Fphysrevx.6.041041},
  year = {2016},
  month = {nov},
  publisher = {American Physical Society ({APS})},
  volume = {6},
  number = {4},
  author = {T. Rentrop and A. Trautmann and F.{\hspace{0.167em}}A. Olivares and F. Jendrzejewski and A. Komnik and M.{\hspace{0.167em}}K. Oberthaler},
  title = {{Observation of the Phononic Lamb Shift with a Synthetic Vacuum}},
  journal = {Physical Review X},
}


@article{J_rgensen_2016,
  doi = {10.1103/physrevlett.117.055302},
  url = {https://doi.org/10.1103%2Fphysrevlett.117.055302},
  year = {2016},
  month = {jul},
  publisher = {American Physical Society ({APS})},
  volume = {117},
  number = {5},
  author = {Nils B. J{\o}rgensen and Lars Wacker and Kristoffer T. Skalmstang and Meera M. Parish and Jesper Levinsen and Rasmus S. Christensen and Georg M. Bruun and Jan J. Arlt},
  title = {{Observation of Attractive and Repulsive Polarons in a Bose-Einstein Condensate}},
  journal = {Physical Review Letters},
}


@article{Hu_2016,
  doi = {10.1103/physrevlett.117.055301},
  url = {https://doi.org/10.1103%2Fphysrevlett.117.055301},
  year = {2016},
  month = {jul},
  publisher = {American Physical Society ({APS})},
  volume = {117},
  number = {5},
  author = {Ming-Guang Hu and Michael J. Van de Graaff and Dhruv Kedar and John P. Corson and Eric A. Cornell and Deborah S. Jin},
  title = {{Bose Polarons in the Strongly Interacting Regime}},
  journal = {Physical Review Letters},
}


@article{Bauer_2013,
  doi = {10.1103/physrevlett.111.215304},
  url = {https://doi.org/10.1103%2Fphysrevlett.111.215304},
  year = {2013},
  month = {nov},
  publisher = {American Physical Society ({APS})},
  volume = {111},
  number = {21},
  author = {Johannes Bauer and Christophe Salomon and Eugene Demler},
  title = {{Realizing a Kondo-Correlated State with Ultracold Atoms}},
  journal = {Physical Review Letters},
}


@article{Nishida_2013,
  doi = {10.1103/physrevlett.111.135301},
  url = {https://doi.org/10.1103%2Fphysrevlett.111.135301},
  year = {2013},
  month = {sep},
  publisher = {American Physical Society ({APS})},
  volume = {111},
  number = {13},
  author = {Yusuke Nishida},
  title = {{{SU}(3) Orbital Kondo Effect with Ultracold Atoms}},
  journal = {Physical Review Letters},
}


@article{Kuzmenko_2015,
  doi = {10.1103/physrevb.91.165131},
  url = {https://doi.org/10.1103%2Fphysrevb.91.165131},
  year = {2015},
  month = {apr},
  publisher = {American Physical Society ({APS})},
  volume = {91},
  number = {16},
  author = {I. Kuzmenko and T. Kuzmenko and Y. Avishai and K. Kikoin},
  title = {{Model for overscreened Kondo effect in ultracold Fermi gas}},
  journal = {Physical Review B},
}


@article{Sundar_2016,
  doi = {10.1103/physreva.93.023635},
  url = {https://doi.org/10.1103%2Fphysreva.93.023635},
  year = {2016},
  month = {feb},
  publisher = {American Physical Society ({APS})},
  volume = {93},
  number = {2},
  author = {Bhuvanesh Sundar and Erich J. Mueller},
  title = {{Proposal to directly observe the Kondo effect through enhanced photoinduced scattering of cold fermionic and bosonic atoms}},
  journal = {Physical Review A},
}


@article{Gorshkov_2010,
  doi = {10.1038/nphys1535},
  url = {https://doi.org/10.1038%2Fnphys1535},
  year = {2010},
  month = {feb},
  publisher = {Springer Nature},
  volume = {6},
  number = {4},
  pages = {289--295},
  author = {A. V. Gorshkov and M. Hermele and V. Gurarie and C. Xu and P. S. Julienne and J. Ye and P. Zoller and E. Demler and M. D. Lukin and A. M. Rey},
  title = {{Two-orbital {SU}(N) magnetism with ultracold alkaline-earth atoms}},
  journal = {Nature Physics},
}


@article{Mazurenko_2017,
  doi = {10.1038/nature22362},
  url = {https://doi.org/10.1038%2Fnature22362},
  year = {2017},
  month = {may},
  publisher = {Springer Nature},
  volume = {545},
  number = {7655},
  pages = {462--466},
  author = {Anton Mazurenko and Christie S. Chiu and Geoffrey Ji and Maxwell F. Parsons and M{\'{a}}rton Kan{\'{a}}sz-Nagy and Richard Schmidt and Fabian Grusdt and Eugene Demler and Daniel Greif and Markus Greiner},
  title = {{A cold-atom Fermi{\textendash}Hubbard antiferromagnet}},
  journal = {Nature},
}


@article{fölling2017,
  howpublished = {https://arxiv.org/abs/1708.03810},
  url = {https://arxiv.org/abs/1708.03810},
  title = {{Localized magnetic moments with tunable spin exchange in a gas of  ultracold fermions}},
  note = {Accessed on Thu, October 05, 2017},
  author = {Luis Riegger and Nelson Darkwah Oppong and Moritz Höfer and Diogo Rio Fernandes and Immanuel Bloch and Simon Fölling},
  journal = {arXiv},
  year = {2017},
}


@article{Kasper_2016,
  doi = {10.1016/j.physletb.2016.07.036},
  url = {https://doi.org/10.1016%2Fj.physletb.2016.07.036},
  year = {2016},
  month = {sep},
  publisher = {Elsevier {BV}},
  volume = {760},
  pages = {742--746},
  author = {V. Kasper and F. Hebenstreit and M.K. Oberthaler and J. Berges},
  title = {{Schwinger pair production with ultracold atoms}},
  journal = {Physics Letters B},
}


@article{Kasper_2017,
  doi = {10.1088/1367-2630/aa54e0},
  url = {https://doi.org/10.1088%2F1367-2630%2Faa54e0},
  year = {2017},
  month = {feb},
  publisher = {{IOP} Publishing},
  volume = {19},
  number = {2},
  pages = {023030},
  author = {V Kasper and F Hebenstreit and F Jendrzejewski and M K Oberthaler and J Berges},
  title = {{Implementing quantum electrodynamics with ultracold atomic systems}},
  journal = {New Journal of Physics},
}


@misc{Jendrzejewski,
  doi = {10.22541/au.150663310.07882650},
  url = {https://doi.org/10.22541%2Fau.150663310.07882650},
  publisher = {Authorea Inc.},
  author = {Fred Jendrzejewski and Torsten Zache and philipp hauke},
  title = {{What are dynamical gauge fields ? A simplistic introduction by an {AMO} experimentalist.}},
}
